%%%%% General
@article{Shor:1997:PAP:264393.264406,
 author = {Shor, Peter W.},
 title = {Polynomial-Time Algorithms for Prime Factorization and Discrete Logarithms on a Quantum Computer},
 journal = {SIAM J. Comput.},
 issue_date = {Oct. 1997},
 volume = {26},
 number = {5},
 month = oct,
 year = {1997},
 issn = {0097-5397},
 pages = {1484--1509},
 numpages = {26},
 url = {http://dx.doi.org/10.1137/S0097539795293172},
 doi = {10.1137/S0097539795293172},
 acmid = {264406},
 publisher = {Society for Industrial and Applied Mathematics},
 address = {Philadelphia, PA, USA},
 keywords = {Church's thesis, Fourier transforms, algorithmic number theory, discrete logarithms, foundations of quantum mechanics, prime factorization, quantum computers, spin systems},
} 

@MISC{Kerry13fipspub,
    author = {Cameron F. Kerry and Acting Secretary and Charles Romine Director},
    title = {FIPS PUB 186-4 FEDERAL INFORMATION PROCESSING STANDARDS PUBLICATION Digital Signature Standard (DSS)},
    year = {2013}
}

@MISC{nistKeysizes,
    author = {Elaine Barker},
    title = {NIST SP 800-57 Part 1 Rev.4: Recommendation for Key Management, Part 1: General},
    year = {2016}
}

@article{Diffie:2006:NDC:2263321.2269104,
 author = {Diffie, W. and Hellman, M.},
 title = {New Directions in Cryptography},
 journal = {IEEE Trans. Inf. Theor.},
 issue_date = {November 1976},
 volume = {22},
 number = {6},
 month = sep,
 year = {2006},
 issn = {0018-9448},
 pages = {644--654},
 numpages = {11},
 url = {http://dx.doi.org/10.1109/TIT.1976.1055638},
 doi = {10.1109/TIT.1976.1055638},
 acmid = {2269104},
 publisher = {IEEE Press},
 address = {Piscataway, NJ, USA},
} 

@article{case2003beginner,
  title={A beginnerâ€™s guide to the general number field sieve},
  author={Case, Michael},
  journal={Oregon State University, ECE575 Data Security and Cryptography Project},
  year={2003}
}

@article{Armbrust:2010:VCC:1721654.1721672,
 author = {Armbrust, Michael and Fox, Armando and Griffith, Rean and Joseph, Anthony D. and Katz, Randy and Konwinski, Andy and Lee, Gunho and Patterson, David and Rabkin, Ariel and Stoica, Ion and Zaharia, Matei},
 title = {A View of Cloud Computing},
 journal = {Commun. ACM},
 issue_date = {April 2010},
 volume = {53},
 number = {4},
 month = apr,
 year = {2010},
 issn = {0001-0782},
 pages = {50--58},
 numpages = {9},
 doi = {10.1145/1721654.1721672},
 acmid = {1721672},
 publisher = {ACM},
 address = {New York, NY, USA}
} 

@misc{ianix,
  author = "IANIX",
  title = "{Things that use Ed25519}",
  year = {2018},
  publisher = "",
  note={Online; accessed 2018-10-15; \url{https://ianix.com/pub/ed25519-deployment.html}}
}



%%%%% RSA START

@article{Rivest:1978:MOD:359340.359342,
 author = {Rivest, R. L. and Shamir, A. and Adleman, L.},
 title = {A Method for Obtaining Digital Signatures and Public-key Cryptosystems},
 journal = {Commun. ACM},
 issue_date = {Feb. 1978},
 volume = {21},
 number = {2},
 month = feb,
 year = {1978},
 issn = {0001-0782},
 pages = {120--126},
 numpages = {7},
 url = {http://doi.acm.org/10.1145/359340.359342},
 doi = {10.1145/359340.359342},
 acmid = {359342},
 publisher = {ACM},
 address = {New York, NY, USA},
 keywords = {authentication, cryptography, digital signatures, electronic funds transfer, electronic mail, factorization, message-passing, prime number, privacy, public-key cryptosystems, security},
} 

@misc{rfc8017,
  author = "K. Moriarty and B. Kaliski and J. Jonsson and A. Rusch",
  title = "{PKCS\#1: RSA Cryptography Specifications Version 2.2}",
  year = {2016},
  publisher = "{RFC Editor}",
  note={Online; accessed 2018-10-15; \url{https://tools.ietf.org/html/rfc8017}}
}

@inproceedings{boneh2000textbook,
  title={Why textbook ElGamal and RSA encryption are insecure},
  author={Boneh, Dan and Joux, Antoine and Nguyen, Phong Q},
  booktitle={International Conference on the Theory and Application of Cryptology and Information Security},
  pages={30--43},
  year={2000},
  organization={Springer}
}

@article{boneh1999twenty,
  title={Twenty years of attacks on the RSA cryptosystem},
  author={Boneh, Dan and others},
  journal={Notices of the AMS},
  volume={46},
  number={2},
  pages={203--213},
  year={1999}
}

@article{coppersmith1997small,
  title={Small solutions to polynomial equations, and low exponent RSA vulnerabilities},
  author={Coppersmith, Don},
  journal={Journal of Cryptology},
  volume={10},
  number={4},
  pages={233--260},
  year={1997},
  publisher={Springer}
}

@inproceedings{coron2000new,
  title={New attacks on PKCS\# 1 v1. 5 encryption},
  author={Coron and others},
  booktitle={International Conference on the Theory and Applications of Cryptographic Techniques},
  pages={369--381},
  year={2000},
  organization={Springer}
}

@inproceedings{bleichenbacher1998chosen,
  title={Chosen ciphertext attacks against protocols based on the RSA encryption standard PKCS\# 1},
  author={Bleichenbacher, Daniel},
  booktitle={Annual International Cryptology Conference},
  pages={1--12},
  year={1998},
  organization={Springer}
}

@misc{bellare2001probabilistic,
  title={Probabilistic signature scheme},
  author={Bellare, Mihir and Rogaway, Phillip},
  year={2001},
  month=jul # "~24",
  publisher={Google Patents},
  note={US Patent 6,266,771}
}

@inproceedings{bellare1994optimal,
  title={Optimal asymmetric encryption},
  author={Bellare, Mihir and Rogaway, Phillip},
  booktitle={Workshop on the Theory and Application of of Cryptographic Techniques},
  pages={92--111},
  year={1994},
  organization={Springer}
}

@misc{bock2011rsa,
  title={RSA-PSS--Provable secure RSA Signatures and their Implementation},
  author={B{\"o}ck, Johannes},
  year={2011}
}

%%%%% RSA END


%%%%% ECDSA START

@article{johnson2001elliptic,
  title={The elliptic curve digital signature algorithm (ECDSA)},
  author={Johnson, Don and Menezes, Alfred and Vanstone, Scott},
  journal={International journal of information security},
  volume={1},
  number={1},
  pages={36--63},
  year={2001},
  publisher={Springer}
}

@article{imem2015comparison,
  title={Comparison and evaluation of digital signature schemes employed in NDN network},
  author={Imem, Ali Al},
  journal={arXiv preprint arXiv:1508.00184},
  year={2015}
}

@article{karati2014new,
  title={New algorithms for batch verification of standard ECDSA signatures},
  author={Karati, Sabyasachi and Das, Abhijit and Roychowdhury, Dipanwita and Bellur, Bhargav and Bhattacharya, Debojyoti and Iyer, Aravind},
  journal={Journal of Cryptographic Engineering},
  volume={4},
  number={4},
  pages={237--258},
  year={2014},
  publisher={Springer}
}

@inproceedings{lenstra:hal-00925622,
  TITLE = {{Universal Security; From bits and mips to pools, lakes - and beyond}},
  AUTHOR = {Lenstra, Arjen K. and Kleinjung, Thorsten and Thom{\'e}, Emmanuel},
  URL = {https://hal.inria.fr/hal-00925622},
  NOTE = {Humoristic},
  BOOKTITLE = {{Number Theory and Cryptography}},
  ADDRESS = {Darmstadt, Germany},
  EDITOR = {Marc Fischlin and Stefan Katzenbeisser},
  PUBLISHER = {{Springer}},
  SERIES = {Lecture Notes in Computer Science},
  VOLUME = {8260},
  PAGES = {121-124},
  YEAR = {2013},
  MONTH = Nov,
  DOI = {10.1007/978-3-642-42001-6\_9},
  PDF = {https://hal.inria.fr/hal-00925622/file/635.pdf},
  HAL_ID = {hal-00925622},
  HAL_VERSION = {v1},
}

@misc{BrianWarnerECDSA,
    author = {Brian Warner},
    title  = {Pure-Python ECDSA},
    note   = {Online; accessed 2018-10-15; \url{https://github.com/warner/python-ecdsa}},
}

@misc{AntonKueltzECDSA,
    author = {AntonKueltz},
    title  = {Python library for fast elliptic curve crypto},
    note   = {Online; accessed 2018-10-15; \url{https://github.com/AntonKueltz/fastecdsa}},
}

@misc{PyCACryptography,
    author = {Python Cryptographic Authority},
    title  = {PyCA Cryptography},
    note   = {Online; accessed 2018-10-15; \url{https://github.com/pyca/cryptography}},
}


%%%%% ECDSA END



%%%%% EdDSA START

@Article{Bernstein2012,
author="Bernstein, Daniel J.
and Duif, Niels
and Lange, Tanja
and Schwabe, Peter
and Yang, Bo-Yin",
title="High-speed high-security signatures",
journal="Journal of Cryptographic Engineering",
year="2012",
month="Sep",
day="01",
volume="2",
number="2",
pages="77--89",
abstract="This paper shows that a {\$}390 mass-market quad-core 2.4GHz Intel Westmere (Xeon E5620) CPU can create 109000 signatures per second and verify 71000 signatures per second on an elliptic curve at a 2128 security level. Public keys are 32 bytes, and signatures are 64 bytes. These performance figures include strong defenses against software side-channel attacks: there is no data flow from secret keys to array indices, and there is no data flow from secret keys to branch conditions.",
issn="2190-8516",
doi="10.1007/s13389-012-0027-1",
url="https://doi.org/10.1007/s13389-012-0027-1"
}

@misc{BrianWarner,
    author = {Brian Warner},
    title  = {Python Bindings to the Ed25519 Digital Signature System},
    note   = {Online; accessed 2018-10-15; \url{https://github.com/warner/python-ed25519}},
}

@misc{PyNaCl,
    author = {Python Cryptographic Authority},
    title  = {PyNaCl: Python binding to the libsodium library},
    note   = {Online; accessed 2018-10-15; \url{https://github.com/pyca/pynacl}},
}

@misc{libnacl,
    author = {SaltStack},
    title  = {libnacl: Python ctypes wrapper for libsodium},
    note   = {Online; accessed 2018-10-15; \url{https://github.com/saltstack/libnacl}},
}

@INPROCEEDINGS{8167706,
author={Y. Romailler and S. Pelissier},
booktitle={2017 Workshop on Fault Diagnosis and Tolerance in Cryptography (FDTC)},
title={Practical Fault Attack against the Ed25519 and EdDSA Signature Schemes},
year={2017},
volume={},
number={},
pages={17-24},
keywords={digital signatures;public key cryptography;practical fault attack;EdDSA signature schemes;Edwards-curve Digital Signature Algorithm;public-key digital signatures;Elliptic Curve Digital Signature Algorithm;side-channel attacks;single-fault attack;private key material;ECDSA;Digital signatures;Public key;Computational modeling;Performance evaluation;Elliptic curves;Resistance;EdDSA;Ed25519;fault attack;digital signature},
doi={10.1109/FDTC.2017.12},
ISSN={},
month={Sept},}

%%%%% EdDSA END


%%%%% Lamport START

@techreport{lamport,
author = {Lamport, Leslie},
title = {Constructing Digital Signatures from a One Way Function},
booktitle = {},
year = {1979},
month = {October},
publisher = {Microsoft},
url = {https://www.microsoft.com/en-us/research/publication/constructing-digital-signatures-one-way-function/},
address = {},
pages = {},
journal = {},
volume = {},
chapter = {},
isbn = {},
institution = {Microsoft}
}

@INPROCEEDINGS{5672250,
author={V. I. VillÃ¡nyi},
booktitle={2010 11th International Symposium on Computational Intelligence and Informatics (CINTI)},
title={Promising one-time signature schemes (survey)},
year={2010},
volume={},
number={},
pages={187-192},
keywords={digital signatures;public key cryptography;quantum computing;trees (mathematics);one-time signature schemes;Merkle tree;public key;quantum computing attack resistance;Public key;Publishing;Bismuth;Informatics;Computational intelligence;Encoding},
doi={10.1109/CINTI.2010.5672250},
ISSN={},
month={Nov},}

@INPROCEEDINGS{8346359, 
author={G. M. Abdullah and Q. Mehmood and C. B. A. Khan}, 
booktitle={2018 International Conference on Computing, Mathematics and Engineering Technologies (iCoMET)}, 
title={Adoption of Lamport signature scheme to implement digital signatures in IoT}, 
year={2018}, 
volume={}, 
number={}, 
pages={1-4}, 
keywords={computer network security;cryptography;digital communication;digital signatures;firmware;Internet of Things;Internet of Things technology;Digital Signatures;digital communication;IoT devices;Lamport signature scheme;Digital signatures;Public key;Generators;Companies;Quantum computing;Internet of Things;Digital Signatures;Lamport Signature Scheme;Internet of Things;Authentication;Embedded Systems}, 
doi={10.1109/ICOMET.2018.8346359}, 
ISSN={}, 
month={March},}

@INPROCEEDINGS{8463331, 
author={N. Benchasattabuse and P. Chongstitvatana and C. Apomtewan}, 
booktitle={2018 3rd International Conference on Computer and Communication Systems (ICCCS)}, 
title={Quantum Rough Counting and Its Application to Grover's Search Algorithm}, 
year={2018}, 
volume={}, 
number={}, 
pages={21-24}, 
keywords={iterative methods;probability;quantum computing;search problems;quantum rough counting;Grover's search algorithm;rough counting algorithm;Deutsch-Jozsa's algorithm;query complexity;Quantum computing;Complexity theory;Approximation algorithms;Registers;Search problems;Databases;Quantum mechanics;component;Grover's algorithm;Deutsch-Jozsa's algorithm;quantum algorithm;quantum counting;quantum searching}, 
doi={10.1109/CCOMS.2018.8463331}, 
ISSN={}, 
month={April},}

@INPROCEEDINGS{8402796, 
author={S. Alboaie and D. Cosovan and L. Chiorean and M. F. Vaida}, 
booktitle={2018 IEEE International Conference on Automation, Quality and Testing, Robotics (AQTR)}, 
title={Lamport n-time signature scheme}, 
year={2018}, 
volume={}, 
number={}, 
pages={1-6}, 
keywords={digital signatures;private key cryptography;public key cryptography;quantum computing;Lamport n-time signature scheme;quantum computers;safe signature schemes;standard Lamport one-time signature scheme;entire private key;cryptographic primitives;cryptocurrencies;crypto tokens;public keys;Public key;Quantum computing;Computers;Standards;Indexes;Laboratories;digital signature;hash-based signature;post-quantum signature;Lamport one-time signature scheme;Lamport n-time signature scheme;cryptocurrency}, 
doi={10.1109/AQTR.2018.8402796}, 
ISSN={}, 
month={May},}

@INPROCEEDINGS{4897262, 
author={HyunYong Lee and JongWon Kim}, 
booktitle={2009 International Conference on Information Networking}, 
title={The enhanced Lamport signature for secure service overlay networks}, 
year={2009}, 
volume={}, 
number={}, 
pages={1-5}, 
keywords={computer networks;cryptography;telecommunication security;Lamport signature;secure service overlay networks;node authentication;one way hash function;encryption algorithms;Quality of service;Contracts;Security;Peer to peer computing;Internet;Cryptography;Safety;Identity-based encryption;Web services;Mechatronics}, 
doi={}, 
ISSN={1550-445X}, 
month={Jan},}


%%%%% Lamport END


